<?xml version="1.0" encoding="UTF-8"?><collection xmlns="http://www.loc.gov/MARC21/slim"><record><leader>00494nam--2200145-i-4500</leader><controlfield tag="001">000008180</controlfield><controlfield tag="002">20161230</controlfield><controlfield tag="005">20161230201027</controlfield><controlfield tag="008">060222s1000------------r-----000-0-eng-d</controlfield><datafield ind1=" " ind2=" " tag="080"><subfield code="a">547.7</subfield></datafield><datafield ind1=" " ind2=" " tag="100"><subfield code="a">Bambas, L.L</subfield></datafield><datafield ind1=" " ind2=" " tag="245"><subfield code="a">Five-membered heterocyclic compounds with nitrogen and sulfur or nitrogen, sulfur and oxygen (except thiazole)</subfield></datafield><datafield ind1=" " ind2=" " tag="260"><subfield code="a">New York, Interscience Publ.Inc.,1952. Xi + 403 P</subfield></datafield><datafield ind1=" " ind2=" " tag="490"><subfield code="a">The Chemistry Of Heterocyclic Compounds. A Series Of Monographs</subfield></datafield><datafield ind1=" " ind2=" " tag="852"><subfield code="a">15649</subfield></datafield></record></collection>